<?xml version="1.0" encoding="UTF-8"?><collection xmlns="http://www.loc.gov/MARC21/slim"><record><leader>00385nam--2200121-i-4500</leader><controlfield tag="001">000005432</controlfield><controlfield tag="002">20161230</controlfield><controlfield tag="005">20161230201026</controlfield><controlfield tag="008">060222s1000------------r-----000-0-eng-d</controlfield><datafield ind1=" " ind2=" " tag="100"><subfield code="a">Dawydoff, W.N</subfield></datafield><datafield ind1=" " ind2=" " tag="245"><subfield code="a">Bestimmung des molekulargewichts vonpolyamiden insbesondere von polycaproamiden.2. uberarbeitete und erweiterte auflage</subfield></datafield><datafield ind1=" " ind2=" " tag="260"><subfield code="a">Berlin, Veb Verlag Technik, 1959</subfield></datafield><datafield ind1=" " ind2=" " tag="490"><subfield code="a">154p</subfield></datafield></record></collection>